@book{deuflhardhohmann,
  author={P. Deuflhard and A. Hohmann},
  title={Numerische Mathematik. I, Eine algorithmisch orientierte Einf√ºhrung},
  edition={3},
  year={2002},
  publisher={de Gruyter}
}
@book{haemmerlinhoffmann,
  title={Numerische Mathematik},
  author={G. Haemmerlin,K.H. Hoffmann},
  publisher={Springer Berlin}
}
@book{freundhoppe,
  title={Stoer/Bulirsch: Numerische Mathematik 1},
  author={R.W. Freund, R.W. Hoppe},
  publisher={Springer}
}
@book{stoerbulirsch,
  title={Numerische Mathematik 2},
  author={J. Stoer and R. Bulirsch},
  publisher={Springer}
}
@book{dahmenreusken,
  title={Numerik fuer Ingenieure und Naturwissenschaftler},
  author={W.Dahmen and A. Reusken},
  publisher={Springer}
}
@book{golubortega,
  title={Scientific Computing},
  author={von G. Golub and J.M. Ortega}
}
@book{press,
  title={Numerical Recipes in C++},
  author={W.H. Press and S.A. Teukolsky and W.T. Vetterling and B.P. Flannery},
  publisher={Cambridge University Press}
}